@INPROCEEDINGS{schism,
	author = {C Curino and Y Zhang and E Zones and S Madden},
	title = {Schism: a Workload-Driven Approach to Database Replication and Partitioning},
	booktitle = {In Proc. VLDB},
	year = {2010}
}

@INPROCEEDINGS{frenzy,
author = {A Silberstein and J Terrace and B Cooper and R Ramakrishnan},
title = {Feeding Frenzy: Selectively Materializing Users' Event Feeds}
}

@INPROCEEDINGS{lookup,
author = {A Tatarowicz and C Curino and E Jones and S Madden},
title = {Lookup Tables: Fine-Grained partitioning for Distributed Databases}
}

@INPROCEEDINGS{little,
author = {J Pujol and V Erramilli and G Siganos and X Yang and N Laoutaris and P Chhabra and P Rodriguez},
title = {The Little Engine(s) That Could: Scaling Online Social Networks}
}


@INPROCEEDINGS{zipf-systems,
	author = {L Breslau and P Cao and L Fan and G Phillips and S Shenker},
	title = {Web Caching and Zipf-like Distributions: Evidence and Implications},
	booktitle = {in INFOCOM ’99: Proceedings of the 18th IEEE International Conference on Computer Communications},
	year = {1999},
	pages = {126--134}
}

@INPROCEEDINGS{ycsb,
	author = {B F Cooper and A Silberstein and E Tam and R Ramakrishnan and R Sears},
	title = {Benchmarking cloud serving systems with YCSB},
	booktitle = {In SoCC: ACM Symposium on Cloud Computing},
	year = {2010}
}

@ARTICLE{state2000,
	author = {D Kossmann},
	title = {The State of the art in distributed query processing},
	journal = {ACM Computing Surveys},
	year = {},
	number = {32},
	pages = {422--469}
}

@INPROCEEDINGS{pnuts,
	author = {B F Cooper and R Ramakrishnan and U Srivastava and A Silberstein and P Bohannon and H-A Jacobsen and N Puz and D Weaver and R Yerneni},
	title = {PNUTS: Yahoo!’s Hosted Data Serving Platform},
	booktitle = {In Proceedings of the International Conference on Very Large Databases (VLDB},
	year = {2008}
}

@MISC{cassovary,
title = {Cassovary big graph processing library},
url = {http://engineering.twitter.com/2012/03/cassovary-big-graph-processing-library.html},
howpublished = {blog post},
}
@Comment https://github.com/twitter/cassovary
@Comment http://incubator.apache.org/giraph/ also compare to ne04j


@MISC{flockdb,
url = {https://github.com/twitter/flockdb},
howpublished = {source repository}
}

@TECHREPORT{streaming,
author={Isabelle Stanton and Gabriel Kliot},
title={Streaming Graph Partitioning for Large Distributed Graphs},
institution={Microsoft Research},
number={MSR-TR-2011-121}
}

@inproceedings{dewitt,
  author    = {Shahram Ghandeharizadeh and
               David J. DeWitt},
  editor    = {Dennis McLeod and
               Ron Sacks-Davis and
               Hans-J{\"o}rg Schek},
  title     = {Hybrid-Range Partitioning Strategy: A New Declustering Strategy
               for Multiprocessor Database Machines},
  booktitle = {16th International Conference on Very Large Data Bases, August
               13-16, 1990, Brisbane, Queensland, Australia, Proceedings},
  publisher = {Morgan Kaufmann},
  year      = {1990},
  isbn      = {1-55860-149-X},
  pages     = {481-492},
  ee        = {db/conf/vldb/GhandeharizadehD90.html},
  bibsource = {DBLP, http://dblp.uni-trier.de}
}

@article{kernighan-lin, title={An efficient heuristic procedure for partitioning graphs}, volume={49}, url={http://www.cs.utexas.edu/~pingali/CS395T/2009fa/papers/kl.pdf}, number={2}, journal={Bell System Technical Journal}, author={Kernighan, B W and Lin, S}, year={1970}, pages={291--307}}

@misc{twitter,
author = {@twitter},
title = {One hundred million voices},
url = {http://blog.twitter.com/2011/09/one-hundred-million-voices.html},
howpublished = {company blog post},
}

@Comment mastersthesis
@Comment A Master's thesis.
@Comment Required fields: author, title, school, year
@Comment Optional fields: type, address, month, note, key

@Comment misc
@Comment For use when nothing else fits.
@Comment Required fields: none
@Comment Optional fields: author, title, howpublished, month, year, note, key

@Comment techreport
@Comment A report published by a school or other institution, usually numbered within a series.
@Comment Required fields: author, title, institution, year
@Comment Optional fields: type, number, address, month, note, key

@Comment article
@Comment An article from a journal or magazine.
@Comment Required fields: author, title, journal, year
@Comment Optional fields: volume, number, pages, month, note, key

