@INPROCEEDINGS{schism,
	author = {C Curino and Y Zhang and E Zones and S Madden},
	title = {Schism: a Workload-Driven Approach to Database Replication and Partitioning},
	booktitle = {In Proc. VLDB},
	year = {2010}
}

@INPROCEEDINGS{zipf-systems,
	author = {L Breslau and P Cao and L Fan and G Phillips and S Shenker},
	title = {Web Caching and Zipf-like Distributions: Evidence and Implications},
	booktitle = {in INFOCOM ’99: Proceedings of the 18th IEEE International Conference on Computer Communications},
	year = {1999},
	pages = {126--134}
}

@INPROCEEDINGS{ycsb,
	author = {B F Cooper and A Silberstein and E Tam and R Ramakrishnan and R Sears},
	title = {Benchmarking cloud serving systems with YCSB},
	booktitle = {In SoCC: ACM Symposium on Cloud Computing},
	year = {2010}
}

@ARTICLE{state2000,
	author = {D Kossmann},
	title = {The State of the art in distributed query processing},
	journal = {ACM Computing Surveys},
	year = {},
	number = {32},
	pages = {422--469}
}

@INPROCEEDINGS{pnuts,
	author = {B F Cooper and R Ramakrishnan and U Srivastava and A Silberstein and P Bohannon and H-A Jacobsen and N Puz and D Weaver and R Yerneni},
	title = {PNUTS: Yahoo!’s Hosted Data Serving Platform},
	booktitle = {In Proceedings of the International Conference on Very Large Databases (VLDB},
	year = {2008}
}

